@book{MG21,
  author    = {Brian D. Joseph and Irene Philippaki-Warburton},
  year      = {1987},
  title     = {Modern Greek},
  publisher = {Biddles Ltd, Guilford and Kin'gs Lynn},
  address   = {Great Britain}
}